@misc{Oceanalpha,
author = {Oceanalpha},
title = {{What is the use of USV?}},
url = {https://www.oceanalpha.com/},
urldate = {05/10/2022}
}
@misc{Fugro,
author = {Fugro},
title = {{BLUE SHADOW - AUTONOMOUS AND UNCREWED SURFACE VESSEL (USV)}},
url = {https://www.fugro.com/about-fugro/our-expertise/innovations/blue-shadow-autonomous-and-uncrewed-surface-vessel-usv},
urldate = {05/10/2022}
}
@article{Patterson2022,
author = {Patterson, Ruth G and Lawson, Emily and Udyawer, Vinay and Brassington, Gary B. and Groom, Rachel A. and Campbel, Hamish A.},
journal = {Frontiers in Marine Science},
title = {{Uncrewed Surface Vessel Technological Diffusion Depends on Cross-Sectoral Investment in Open-Ocean Archetypes: A Systematic Review of USV Applications and Drivers}},
url = {https://www.frontiersin.org/articles/10.3389/fmars.2021.736984/full},
year = {2022}
}
